@webpage{cdn,
  title={2018年度、DDoS攻撃の動向と今後の見通し，CDNetworksセキュリティレポート},
  author={株式会社シーディーネットワークス・ジャパン},
  organization =	"株式会社シーディーネットワークス・ジャパン",
  url={https://engage.cdnetworks.co.jp/LP\_WP36},
  refdate =	"2019-04-19"
}
@article{ldos,
  title={Low-rate TCP-targeted denial of service attacks and counter strategies},
  author={Kuzmanovic, Aleksandar and Knightly, Edward W},
  journal={IEEE/acm transactions on networking},
  volume={14},
  number={4},
  pages={683--696},
  year={2006},
  publisher={IEEE}
}
@article{cpr1,
  title={Flow level detection and filtering of low-rate DDoS},
  author={Zhang, Changwang and Cai, Zhiping and Chen, Weifeng and Luo, Xiapu and Yin, Jianping},
  journal={Computer Networks},
  volume={56},
  number={15},
  pages={3417--3431},
  year={2012},
  publisher={Elsevier}
}
@inproceedings{cpr2,
  title={Using CPR Metric to Detect and Filter Low-Rate DDoS Flows},
  author={Kieu, Minh Viet and Nguyen, Dai Tho and Nguyen, Thanh Thuy},
  booktitle={Proceedings of the Eighth International Symposium on Information and Communication Technology},
  pages={325--332},
  year={2017}
}
@article{entropy1,
  title={Low-rate DDOS attack detection using optimal objective entropy method},
  author={Jadhav, Poonam N and Patil, BM},
  journal={International Journal of Computer Applications},
  volume={78},
  number={3},
  year={2013},
  publisher={Foundation of Computer Science}
}
@webpage{rfc,
	author =	"Paxson, Vern and Allman, Mark and Sargent, Matt",
	title={Computing TCP's Retransmission Timer},
	organization =	"Internet RFC 6298",
	url =	"https://tools.ietf.org/html/rfc6298",
	refdate =	"2020-02-18"
}
@inproceedings{practical-ldos-defense,
  title={Practical study of a defense against low-rate TCP-targeted DoS attack},
  author={Efstathopoulos, Petros},
  booktitle={2009 International Conference for Internet Technology and Secured Transactions,(ICITST)},
  pages={1--6},
  year={2009},
  organization={IEEE}
}
@inproceedings{lddos-flow-aggregation,
  title={Research on time synchronization and flow aggregation in LDDoS attack based on cross-correlation},
  author={Zhijun, Wu and Lan, Ma and Minghua, Wang and Meng, Yue and Lu, Wang},
  booktitle={2012 IEEE 11th International Conference on Trust, Security and Privacy in Computing and Communications},
  pages={25--32},
  year={2012},
  organization={IEEE}
}
@inproceedings{my-mbl-wip-2018,
   author	 = "\UTF{9AD9}橋 佑太 and 稲村 浩 and 中村 嘉隆",
   title	 = "実ネットワーク環境下におけるLDDoS攻撃の検証",
   year 	 = "2018",
   booktitle	 = "研究報告モバイルコンピューティングとパーベイシブシステム（MBL）",
   volume	 = "2018-MBL-89",
   number	 = "8",
   pages	 = "1--7",
   month	 = "nov"
}
@webpage{ns-3,
	title={ns-3 | a discrete-event network simulator for internet systems},
	organization =	"nsnam.org",
	url =	"https://www.nsnam.org/",
	refdate =	"2019-05-01"
}
@article{ba-model,
  title={Emergence of scaling in random networks},
  author={Barab{\'a}si, Albert-L{\'a}szl{\'o} and Albert, R{\'e}ka},
  journal={science},
  volume={286},
  number={5439},
  pages={509--512},
  year={1999},
  publisher={American Association for the Advancement of Science}
}
@inproceedings{random-flow-ddos,
  title={Random flow network modeling and simulations for DDoS attack mitigation},
  author={Kong, Jiejun and Mirza, Mansoor and Shu, James and Yoedhana, Christian and Gerla, Mario and Lu, Songwu},
  booktitle={IEEE International Conference on Communications, 2003. ICC'03.},
  volume={1},
  pages={487--491},
  year={2003},
  organization={IEEE}
}
@inproceedings{brite,
  title={BRITE: An approach to universal topology generation},
  author={Medina, Alberto and Lakhina, Anukool and Matta, Ibrahim and Byers, John},
  booktitle={MASCOTS 2001, Proceedings Ninth International Symposium on Modeling, Analysis and Simulation of Computer and Telecommunication Systems},
  pages={346--353},
  year={2001},
  organization={IEEE}
}
@inproceedings{realistic-topologies,
  title={On realistic network topologies for simulation},
  author={Heckmann, Oliver and Piringer, Michael and Schmitt, Jens and Steinmetz, Ralf},
  booktitle={Proceedings of the ACM SIGCOMM workshop on Models, methods and tools for reproducible network research},
  pages={28--32},
  year={2003}
}
@inproceedings{broadband-characterizing,
  title={Characterizing residential broadband networks},
  author={Dischinger, Marcel and Haeberlen, Andreas and Gummadi, Krishna P and Saroiu, Stefan},
  booktitle={Proceedings of the 7th ACM SIGCOMM conference on Internet measurement},
  pages={43--56},
  year={2007}
}
@phdthesis{internet-backbone,
author = {Fraleigh, Charles Joseph},
advisor = {Tobagi, Fouad A.},
title = {Provisioning Internet Backbone Networks to Support Latency Sensitive Applications},
year = {2002},
isbn = {0493628576},
publisher = {Stanford University},
address = {Stanford, CA, USA},
note = {AAI3048526}
}
@article{sizing-router-buffers,
  title={Sizing router buffers},
  author={Appenzeller, Guido and Keslassy, Isaac and McKeown, Nick},
  journal={ACM SIGCOMM Computer Communication Review},
  volume={34},
  number={4},
  pages={281--292},
  year={2004},
  publisher={ACM New York, NY, USA}
}
@inproceedings{dcn-shrew,
  title={Shrew attack in cloud data center networks},
  author={Feng, Zhenqian and Bai, Bing and Zhao, Baokang and Su, Jinshu},
  booktitle={2011 Seventh International Conference on Mobile Ad-hoc and Sensor Networks},
  pages={441--445},
  year={2011},
  organization={IEEE}
}
